<record><leader>00000cas a22000007a 4500</leader><controlfield tag="001">17497363</controlfield><controlfield tag="008">880218c19529999laucr ne      0    0eng d</controlfield><datafield ind1=" " ind2=" " tag="010"><subfield code="a">sn 88064083 </subfield></datafield><datafield ind1=" " ind2=" " tag="040"><subfield code="a">LNP</subfield><subfield code="b">eng</subfield><subfield code="c">LNP</subfield><subfield code="d">OCLCQ</subfield><subfield code="d">OCLCF</subfield><subfield code="d">OCLCO</subfield></datafield><datafield ind1="1" ind2=" " tag="029"><subfield code="a">AU@</subfield><subfield code="b">000020499598</subfield></datafield><datafield ind1=" " ind2=" " tag="042"><subfield code="a">msc</subfield></datafield><datafield ind1=" " ind2=" " tag="043"><subfield code="a">n-us-la</subfield></datafield><datafield ind1="0" ind2="0" tag="245"><subfield code="a">Bossier banner-progress.</subfield></datafield><datafield ind1="1" ind2="3" tag="246"><subfield code="a">Banner progress</subfield></datafield><datafield ind1=" " ind2=" " tag="260"><subfield code="a">Benton-Plain Dealing, Bossier Parish, La. :</subfield><subfield code="b">F.G. Phillips.</subfield></datafield><datafield ind1=" " ind2=" " tag="300"><subfield code="a">v.</subfield></datafield><datafield ind1=" " ind2=" " tag="310"><subfield code="a">Semiweekly,</subfield><subfield code="b">Sept. 4, 1996-</subfield></datafield><datafield ind1=" " ind2=" " tag="321"><subfield code="a">Weekly,</subfield><subfield code="b">1952-Aug. 30, 1996</subfield></datafield><datafield ind1="0" ind2=" " tag="362"><subfield code="a">93rd year, no. 11 (Sept. 11, 1952)-101st year, no. 47 (May 19, 1960); no. 102, no. 48 (May 26, 1960)-no. 104, no. 51 (June 27, 1963); v. 105, no. 1 (July 4, 1963)-</subfield></datafield><datafield ind1=" " ind2=" " tag="500"><subfield code="a">Published in Benton only, Oct. 9, 1952-Nov. 24, 1960.</subfield></datafield><datafield ind1=" " ind2=" " tag="580"><subfield code="a">Issues for Mar. 24, 1994- published by the Bossier Newspaper Publishing Co. and became an expanded edition "carry all the news found in the Bossier Press Tribune, plus all the features and additional Benton and Plain Dealing news found in the Banner Progress."</subfield></datafield><datafield ind1=" " ind2="0" tag="651"><subfield code="a">Bossier Parish (La.)</subfield><subfield code="v">Newspapers.</subfield></datafield><datafield ind1=" " ind2="4" tag="651"><subfield code="a">Benton (La.)</subfield><subfield code="v">Newspapers.</subfield></datafield><datafield ind1=" " ind2="4" tag="651"><subfield code="a">Plain Dealing (La.)</subfield><subfield code="v">Newspapers.</subfield></datafield><datafield ind1=" " ind2="4" tag="651"><subfield code="a">Haughton (La.)</subfield><subfield code="v">Newspapers.</subfield></datafield><datafield ind1=" " ind2="7" tag="655"><subfield code="a">Newspapers.</subfield><subfield code="2">fast</subfield><subfield code="0">(OCoLC)fst01423814</subfield></datafield><datafield ind1=" " ind2="7" tag="651"><subfield code="a">Louisiana</subfield><subfield code="z">Bossier Parish.</subfield><subfield code="2">fast</subfield><subfield code="0">(OCoLC)fst01207478</subfield></datafield><datafield ind1=" " ind2=" " tag="752"><subfield code="a">United States</subfield><subfield code="b">Louisiana</subfield><subfield code="c">Bossier</subfield><subfield code="d">Benton.</subfield></datafield><datafield ind1=" " ind2=" " tag="752"><subfield code="a">United States</subfield><subfield code="b">Louisiana</subfield><subfield code="c">Bossier</subfield><subfield code="d">Plain Dealing.</subfield></datafield><datafield ind1=" " ind2=" " tag="752"><subfield code="a">United States</subfield><subfield code="b">Louisiana</subfield><subfield code="c">Bossier</subfield><subfield code="d">Haughton.</subfield></datafield><datafield ind1=" " ind2=" " tag="752"><subfield code="a">United States</subfield><subfield code="b">Louisiana</subfield><subfield code="c">Bossier.</subfield></datafield><datafield ind1="1" ind2=" " tag="775"><subfield code="t">Bossier press tribune</subfield><subfield code="g">Mar. 24, 1994-</subfield><subfield code="w">(DLC)sn 84006380</subfield></datafield><datafield ind1="0" ind2="4" tag="780"><subfield code="t">Bossier banner (Bellevue, La. : 1859)</subfield><subfield code="w">(DLC)sn 85034235</subfield></datafield><datafield ind1="0" ind2="4" tag="780"><subfield code="t">Plain Dealing progress</subfield><subfield code="w">(DLC)sn 88064398</subfield></datafield></record>